<marcxml:record xmlns:marcxml="http://www.loc.gov/MARC21/slim" xmlns:mets="http://www.loc.gov/METS/" xmlns:bf="http://id.loc.gov/ontologies/bibframe/" xmlns:bflc="http://id.loc.gov/ontologies/bflc/" xmlns:madsrdf="http://www.loc.gov/mads/rdf/v1#" xmlns:rdf="http://www.w3.org/1999/02/22-rdf-syntax-ns#" xmlns:ri="http://id.loc.gov/ontologies/RecordInfo#" xmlns:idx="info:lc/xq-modules/lcindex" xmlns:semtriples="http://marklogic.com/semantic" xmlns:xsi="http://www.w3.org/2001/XMLSchema-instance" xmlns:xlink="http://www.w3.org/1999/xlink" xmlns:streams="info:lc/streams#">
  <marcxml:leader>01455cam a22003137i 4500</marcxml:leader>
  <marcxml:controlfield tag="001">19193249</marcxml:controlfield>
  <marcxml:controlfield tag="005">20190108094711.0</marcxml:controlfield>
  <marcxml:controlfield tag="008">160726s2016    inua   b      000 0 eng  </marcxml:controlfield>
  <marcxml:datafield tag="906" ind1=" " ind2=" ">
    <marcxml:subfield code="a">7</marcxml:subfield>
    <marcxml:subfield code="b">cbc</marcxml:subfield>
    <marcxml:subfield code="c">orignew</marcxml:subfield>
    <marcxml:subfield code="d">4</marcxml:subfield>
    <marcxml:subfield code="e">epcn</marcxml:subfield>
    <marcxml:subfield code="f">20</marcxml:subfield>
    <marcxml:subfield code="g">y-gencatlg</marcxml:subfield>
  </marcxml:datafield>
  <marcxml:datafield tag="925" ind1="0" ind2=" ">
    <marcxml:subfield code="a">acquire</marcxml:subfield>
    <marcxml:subfield code="b">1 shelf copy</marcxml:subfield>
    <marcxml:subfield code="x">policy default</marcxml:subfield>
  </marcxml:datafield>
  <marcxml:datafield tag="955" ind1=" " ind2=" ">
    <marcxml:subfield code="a">pc12 2016-07-26</marcxml:subfield>
    <marcxml:subfield code="a">xn01 2016-12-19 1 copy rec'd., to USASH</marcxml:subfield>
    <marcxml:subfield code="h">ti49 2019-01-08 to CALM</marcxml:subfield>
  </marcxml:datafield>
  <marcxml:datafield tag="010" ind1=" " ind2=" ">
    <marcxml:subfield code="a">  2016949232</marcxml:subfield>
  </marcxml:datafield>
  <marcxml:datafield tag="020" ind1=" " ind2=" ">
    <marcxml:subfield code="a">9780870297083</marcxml:subfield>
  </marcxml:datafield>
  <marcxml:datafield tag="040" ind1=" " ind2=" ">
    <marcxml:subfield code="a">DLC</marcxml:subfield>
    <marcxml:subfield code="b">eng</marcxml:subfield>
    <marcxml:subfield code="e">rda</marcxml:subfield>
    <marcxml:subfield code="c">DLC</marcxml:subfield>
    <marcxml:subfield code="d">DLC</marcxml:subfield>
  </marcxml:datafield>
  <marcxml:datafield tag="050" ind1="0" ind2="0">
    <marcxml:subfield code="a">MLCS 2019/40127 (B)</marcxml:subfield>
  </marcxml:datafield>
  <marcxml:datafield tag="100" ind1="1" ind2=" ">
    <marcxml:subfield code="a">Davidson, Alice Joyce,</marcxml:subfield>
    <marcxml:subfield code="e">author.</marcxml:subfield>
  </marcxml:datafield>
  <marcxml:datafield tag="245" ind1="1" ind2="4">
    <marcxml:subfield code="a">The story of creation /</marcxml:subfield>
    <marcxml:subfield code="c">text © 2016 Alice Joyce Davidson ; illustrations © 2016 Saint Meinrad Archabbey.</marcxml:subfield>
  </marcxml:datafield>
  <marcxml:datafield tag="264" ind1=" " ind2="1">
    <marcxml:subfield code="a">St. Meinrad, Indiana :</marcxml:subfield>
    <marcxml:subfield code="b">Abbey Press Publications,</marcxml:subfield>
    <marcxml:subfield code="c">[2016]</marcxml:subfield>
  </marcxml:datafield>
  <marcxml:datafield tag="300" ind1=" " ind2=" ">
    <marcxml:subfield code="a">1 volume (unnumberd) :</marcxml:subfield>
    <marcxml:subfield code="b">illustrations ;</marcxml:subfield>
    <marcxml:subfield code="c">20 cm.</marcxml:subfield>
  </marcxml:datafield>
  <marcxml:datafield tag="336" ind1=" " ind2=" ">
    <marcxml:subfield code="a">text</marcxml:subfield>
    <marcxml:subfield code="b">txt</marcxml:subfield>
    <marcxml:subfield code="2">rdacontent</marcxml:subfield>
  </marcxml:datafield>
  <marcxml:datafield tag="337" ind1=" " ind2=" ">
    <marcxml:subfield code="a">unmediated</marcxml:subfield>
    <marcxml:subfield code="b">n</marcxml:subfield>
    <marcxml:subfield code="2">rdamedia</marcxml:subfield>
  </marcxml:datafield>
  <marcxml:datafield tag="338" ind1=" " ind2=" ">
    <marcxml:subfield code="a">volume</marcxml:subfield>
    <marcxml:subfield code="b">nc</marcxml:subfield>
    <marcxml:subfield code="2">rdacarrier</marcxml:subfield>
  </marcxml:datafield>
  <marcxml:datafield tag="490" ind1="0" ind2=" ">
    <marcxml:subfield code="a">Alice in Bibleland storybooks</marcxml:subfield>
  </marcxml:datafield>
  <marcxml:datafield tag="500" ind1=" " ind2=" ">
    <marcxml:subfield code="a">Minimal Level Cataloging Plus.</marcxml:subfield>
    <marcxml:subfield code="5">DLC</marcxml:subfield>
  </marcxml:datafield>
  <marcxml:datafield tag="521" ind1="1" ind2=" ">
    <marcxml:subfield code="a">"Whimsical rhymes and colorful, engaging illustrations invite young readers, ages 4-10, to follow Alice on her journeys as she witnesses some of the Bible's best-loved stories-and learns important lessons along the way."--Back Cover.</marcxml:subfield>
  </marcxml:datafield>
  <marcxml:datafield tag="630" ind1="0" ind2="0">
    <marcxml:subfield code="a">Bible.</marcxml:subfield>
    <marcxml:subfield code="p">Genesis.</marcxml:subfield>
    <marcxml:subfield code="v">Juvenile literature.</marcxml:subfield>
  </marcxml:datafield>
  <marcxml:datafield tag="650" ind1=" " ind2="0">
    <marcxml:subfield code="a">Creation</marcxml:subfield>
    <marcxml:subfield code="x">Biblical teaching</marcxml:subfield>
    <marcxml:subfield code="v">Juvenile literature.</marcxml:subfield>
  </marcxml:datafield>
  <marcxml:datafield tag="700" ind1="1" ind2=" ">
    <marcxml:subfield code="a">Guile, Gill,</marcxml:subfield>
    <marcxml:subfield code="e">illustrator.</marcxml:subfield>
  </marcxml:datafield>
  <marcxml:datafield tag="985" ind1=" " ind2=" ">
    <marcxml:subfield code="e">English (SS/Tech) Contract</marcxml:subfield>
  </marcxml:datafield>
</marcxml:record>
